<record xmlns="http://www.loc.gov/MARC21/slim" xmlns:xsi="http://www.w3.org/2001/XMLSchema-instance" xsi:schemaLocation="http://www.loc.gov/MARC21/slim http://www.loc.gov/standards/marcxml/schema/MARC21slim.xsd"><leader>01834nam a2200361   4500</leader><controlfield tag="001">001685777</controlfield><controlfield tag="003">NNU</controlfield><controlfield tag="006">m        d        </controlfield><controlfield tag="007">cr cn |||m|||a</controlfield><controlfield tag="008">150222s1929    ua      ob    000 0 ara d</controlfield><datafield ind1=" " ind2=" " tag="040"><subfield code="a">NNU</subfield><subfield code="b">eng</subfield><subfield code="c">NNU</subfield></datafield><datafield ind1=" " ind2=" " tag="066"><subfield code="c">(3</subfield></datafield><datafield ind1=" " ind2=" " tag="090"><subfield code="a">PJ7698.H3</subfield><subfield code="b">A17 1929</subfield></datafield><datafield ind1="0" ind2=" " tag="100"><subfield code="6">880-01</subfield><subfield code="a">&#7716;ass&#257;n ibn Th&#257;bit,</subfield><subfield code="d">d. 674</subfield></datafield><datafield ind1="1" ind2="0" tag="240"><subfield code="6">880-02</subfield><subfield code="a">Poems</subfield></datafield><datafield ind1="1" ind2="0" tag="245"><subfield code="6">880-03</subfield><subfield code="a">Shar&#7717; d&#299;w&#257;n &#7716;ass&#257;n ibn Th&#257;bit al-An&#7779;&#257;r&#299;</subfield><subfield code="h">[electronic resource] /</subfield><subfield code="c">wa&#7693;a&#699;ahu wa-&#7693;aba&#7789;a al-d&#299;w&#257;n wa-&#7779;a&#7717;&#7717;a&#7717;ahu &#699;Abd al-Ra&#7717;m&#257;n al-Barq&#363;q&#299;.</subfield></datafield><datafield ind1=" " ind2=" " tag="260"><subfield code="6">880-04</subfield><subfield code="a">Mi&#7779;r :</subfield><subfield code="b">al-Maktabah al-Tij&#257;r&#299;yah al-Kubr&#225; ;</subfield><subfield code="b">al-Maktabah al-Ra&#7717;m&#257;n&#299;yah,</subfield><subfield code="c">1929.</subfield></datafield><datafield ind1=" " ind2=" " tag="300"><subfield code="a">online resource (435 p.)</subfield></datafield><datafield ind1=" " ind2=" " tag="500"><subfield code="a">Part of the Arabic Collections Online (ACO) project, contributed by New York Univeristy Libraries.</subfield></datafield><datafield ind1=" " ind2=" " tag="504"><subfield code="a">Includes bibliographical references.</subfield></datafield><datafield ind1=" " ind2=" " tag="533"><subfield code="a">Electronic reproduction.</subfield><subfield code="b">New York, N.Y. :</subfield><subfield code="c">New York University,</subfield><subfield code="d">2015.</subfield><subfield code="5">NNU</subfield></datafield><datafield ind1="1" ind2=" " tag="700"><subfield code="6">880-05</subfield><subfield code="a">Barq&#363;q&#299;, &#699;Abd al-Ra&#7717;m&#257;n</subfield></datafield><datafield ind1="2" ind2=" " tag="710"><subfield code="a">New York University.</subfield><subfield code="b">Libraries.</subfield></datafield><datafield ind1="0" ind2=" " tag="730"><subfield code="a">Arabic Collections Online.</subfield></datafield><datafield ind1="0" ind2="8" tag="776"><subfield code="i">Print version:</subfield><subfield code="a">&#7716;ass&#257;n ibn Th&#257;bit, d. 674 880-01</subfield><subfield code="t">Shar&#7717; d&#299;w&#257;n &#7716;ass&#257;n ibn Th&#257;bit al-An&#7779;&#257;r&#299;</subfield><subfield code="w">(NNU)001685777</subfield></datafield><datafield ind1="4" ind2="0" tag="856"><subfield code="u">http://hdl.handle.net/2333.1/0k6djk26</subfield></datafield><datafield ind1="0" ind2=" " tag="880"><subfield code="6">100-01/</subfield><subfield code="a">&#1581;&#1587;&#1575;&#1606; &#1576;&#1606; &#1579;&#1575;&#1576;&#1578;.</subfield></datafield><datafield ind1="1" ind2="0" tag="880"><subfield code="6">240-02/</subfield><subfield code="a">&#1571;&#1588;&#1593;&#1575;&#1585;</subfield></datafield><datafield ind1="1" ind2="0" tag="880"><subfield code="6">245-03/</subfield><subfield code="a">&#1588;&#1585;&#1581; &#1583;&#1610;&#1608;&#1575;&#1606; &#1581;&#1587;&#1575;&#1606; &#1576;&#1606; &#1579;&#1575;&#1576;&#1578; &#1575;&#1604;&#1571;&#1606;&#1589;&#1575;&#1585;&#1610; /</subfield><subfield code="c">&#1608;&#1590;&#1593;&#1607; &#1608;&#1590;&#1576;&#1591; &#1575;&#1604;&#1583;&#1610;&#1608;&#1575;&#1606; &#1608;&#1589;&#1581;&#1581;&#1607; &#1593;&#1576;&#1583; &#1575;&#1604;&#1585;&#1581;&#1605;&#1606; &#1575;&#1604;&#1576;&#1585;&#1602;&#1608;&#1602;&#1610;.</subfield></datafield><datafield ind1=" " ind2=" " tag="880"><subfield code="6">260-04/</subfield><subfield code="a">&#1605;&#1589;&#1585; :</subfield><subfield code="b">&#1575;&#1604;&#1605;&#1603;&#1578;&#1576;&#1577; &#1575;&#1604;&#1578;&#1580;&#1575;&#1585;&#1610;&#1577; &#1575;&#1604;&#1603;&#1576;&#1585;&#1609; &#1563;</subfield><subfield code="a">&#1575;&#1604;&#1605;&#1603;&#1578;&#1576;&#1577; &#1575;&#1604;&#1585;&#1581;&#1605;&#1575;&#1606;&#1610;&#1577;&#1548;</subfield><subfield code="c">1929.</subfield></datafield><datafield ind1="1" ind2=" " tag="880"><subfield code="6">700-05/</subfield><subfield code="a">&#1576;&#1585;&#1602;&#1608;&#1602;&#1610;&#1548; &#1593;&#1576;&#1583; &#1575;&#1604;&#1585;&#1581;&#1605;&#1606;.</subfield></datafield><datafield ind1=" " ind2=" " tag="959"><subfield code="a">NNU</subfield><subfield code="b">WEB</subfield><subfield code="c">GENI</subfield><subfield code="t">0</subfield><subfield code="m">Electronic access</subfield><subfield code="s">01</subfield></datafield><datafield ind1=" " ind2=" " tag="999"><subfield code="i">NNU_001685777</subfield><subfield code="s">nyu_aco000325</subfield></datafield></record>